<record><leader>00000cas a22000007a 4500</leader><controlfield tag="001">13303775</controlfield><controlfield tag="008">860317d19151918iduwr ne      0    0eng d</controlfield><datafield ind1=" " ind2=" " tag="010"><subfield code="a">sn 86091211 </subfield></datafield><datafield ind1=" " ind2=" " tag="040"><subfield code="a">UNP</subfield><subfield code="b">eng</subfield><subfield code="c">UNP</subfield><subfield code="d">NVB</subfield><subfield code="d">OCLCQ</subfield></datafield><datafield ind1=" " ind2=" " tag="042"><subfield code="a">msc</subfield></datafield><datafield ind1="0" ind2="4" tag="245"><subfield code="a">The Rupert Democrat.</subfield></datafield><datafield ind1=" " ind2=" " tag="260"><subfield code="a">[Rupert, Idaho] :</subfield><subfield code="b">H.G. Busenbark,</subfield><subfield code="c">-1918.</subfield></datafield><datafield ind1=" " ind2=" " tag="300"><subfield code="a">v. :</subfield><subfield code="b">ill.</subfield></datafield><datafield ind1=" " ind2=" " tag="310"><subfield code="a">Weekly</subfield></datafield><datafield ind1="1" ind2=" " tag="362"><subfield code="a">Began with Jan. 13, 1915 issue.</subfield></datafield><datafield ind1="0" ind2=" " tag="362"><subfield code="a">-v. 3, no. 47 (Jan. 31, 1918).</subfield></datafield><datafield ind1=" " ind2=" " tag="500"><subfield code="a">Eden supplement: Eden progress, 1916-1918.</subfield></datafield><datafield ind1=" " ind2=" " tag="588"><subfield code="a">Description based on: Vol. 5 [i.e. 3], no. 11 (May 23, 1917).</subfield></datafield><datafield ind1=" " ind2=" " tag="752"><subfield code="a">United States</subfield><subfield code="b">Idaho</subfield><subfield code="c">Minidoka</subfield><subfield code="d">Rupert.</subfield></datafield><datafield ind1=" " ind2=" " tag="752"><subfield code="a">United States</subfield><subfield code="b">Idaho</subfield><subfield code="c">Jerome</subfield><subfield code="d">Rupert.</subfield></datafield><datafield ind1=" " ind2=" " tag="752"><subfield code="a">United States</subfield><subfield code="b">Idaho</subfield><subfield code="c">Lincoln</subfield><subfield code="d">Rupert.</subfield></datafield><datafield ind1=" " ind2=" " tag="752"><subfield code="a">United States</subfield><subfield code="b">Idaho</subfield><subfield code="c">Jerome</subfield><subfield code="d">Eden.</subfield></datafield><datafield ind1="0" ind2="0" tag="785"><subfield code="t">Minidoka County patriot</subfield><subfield code="w">(DLC)sn 86091212</subfield><subfield code="w">(DLC)sn 813303910</subfield></datafield><datafield ind1="1" ind2=" " tag="029"><subfield code="a">AU@</subfield><subfield code="b">000023435713</subfield></datafield></record>